<record><leader>00000cas a2200000 a 4500</leader><controlfield tag="001">23157125</controlfield><controlfield tag="008">910226d18781879iluwr ne      0    0eng c</controlfield><datafield ind1=" " ind2=" " tag="010"><subfield code="a">sn 91055951 </subfield></datafield><datafield ind1=" " ind2=" " tag="040"><subfield code="a">NVF</subfield><subfield code="b">eng</subfield><subfield code="c">NVF</subfield><subfield code="d">OCLCQ</subfield><subfield code="d">NVF</subfield><subfield code="d">OCLCF</subfield><subfield code="d">OCLCO</subfield></datafield><datafield ind1="1" ind2=" " tag="029"><subfield code="a">AU@</subfield><subfield code="b">000025881895</subfield></datafield><datafield ind1=" " ind2=" " tag="042"><subfield code="a">pcc</subfield></datafield><datafield ind1=" " ind2=" " tag="043"><subfield code="a">n-us-il</subfield></datafield><datafield ind1="0" ind2=" " tag="130"><subfield code="a">Weekly standard (Paxton, Ill.)</subfield></datafield><datafield ind1="1" ind2="4" tag="245"><subfield code="a">The weekly standard.</subfield></datafield><datafield ind1=" " ind2=" " tag="260"><subfield code="a">Paxton, Ill. :</subfield><subfield code="b">Holmes &amp; Colvin,</subfield><subfield code="c">1878-1879</subfield></datafield><datafield ind1=" " ind2=" " tag="300"><subfield code="a">v.</subfield></datafield><datafield ind1=" " ind2=" " tag="310"><subfield code="a">Weekly</subfield></datafield><datafield ind1="0" ind2=" " tag="362"><subfield code="a">Vol. 1, no. 1 (Jan. 26, 1878)-v. 2, no. 51 (Dec. 28, 1879).</subfield></datafield><datafield ind1=" " ind2="0" tag="651"><subfield code="a">Paxton (Ill.)</subfield><subfield code="v">Newspapers.</subfield></datafield><datafield ind1=" " ind2="7" tag="655"><subfield code="a">Newspapers.</subfield><subfield code="2">fast</subfield><subfield code="0">(OCoLC)fst01423814</subfield></datafield><datafield ind1=" " ind2="7" tag="651"><subfield code="a">Illinois</subfield><subfield code="z">Paxton.</subfield><subfield code="2">fast</subfield><subfield code="0">(OCoLC)fst01226735</subfield></datafield><datafield ind1=" " ind2=" " tag="752"><subfield code="a">United States</subfield><subfield code="b">Illinois</subfield><subfield code="c">Ford</subfield><subfield code="d">Paxton.</subfield></datafield><datafield ind1="0" ind2="0" tag="780"><subfield code="t">Ford County news</subfield><subfield code="w">(DLC)sn 92053110</subfield><subfield code="w">(OCoLC)25108468</subfield></datafield></record>